
@INPROCEEDINGS{neurips2019_sonic,
  AUTHOR = {Duarte, Javier and Holzman, Burt and Jindariani, Sergo and Klinjsma, Thomas and Kreis, Benjamin and Liu, Mia and Pedro, Kevin and Tran, Nhan and Tsaris, Aristeidis and Harris, Phil and Rankin, Dylan and Loncar, Vladimir and Ngadiuba, Jennifer Ngadiuba, Maurizio Pierini and Khan, Suffian and Lee, Brian and Perez, Brandon and Way, Ted W. and Versteeg, Colin and Hauk, Scott and Hsu, Shih-Chieh and Trahms, Matthew and Werran, Dustin and Wu, Zhenbin},
  SHORTAUTHOR = {1111},
  URL = {https://ml4physicalsciences.github.io/files/NeurIPS_ML4PS_2019_64.pdf},
  BOOKTITLE = {{Machine Learning and the Physical Sciences Workshop at the 33rd Annual Conference on Neural Information Processing Systems}},
  DATE = {2019-12},
  DOI = {10.5281/zenodo.3895029},
  SORTYEAR = {2019},
  TITLE = {{Accelerated machine learning as a service for particle physics computing}},
  KEYWORDS = {career,recent},
  contributioncodes = {1, 2, 9, 12, 13}
}

@INPROCEEDINGS{neurips2019_hbb,
  AUTHOR = {Moreno, Eric A. and Cerri, Olmo and Nguyen, Thong Q. and Vlimant, Jean-Roch and Newman, Harvey B. and Periwal, Avikar and Serikova, Aidana and Spiropulu, Maria and Duarte, Javier M. and Pierini, Maurizio},
  SHORTAUTHOR = {1111},
  URL = {https://ml4physicalsciences.github.io/files/NeurIPS_ML4PS_2019_71.pdf},
  BOOKTITLE = {{Machine Learning and the Physical Sciences Workshop at the 33rd Annual Conference on Neural Information Processing Systems}},
  DATE = {2019-12},
  DOI = {10.5281/zenodo.3895048},
  SORTYEAR = {2019},
  TITLE = {{Interaction networks for the identification of Higgs boson decays to bottom quark-antiquark pairs}},
  KEYWORDS = {career,recent},
  contributioncodes = {1, 2, 6, 9, 10, 12, 13}
}

@INPROCEEDINGS{neurips2019_hls4ml,
  AUTHOR = {Duarte, Javier and Herwig, Christian and Holzman, Burt and Jindariani, Sergo and Kreis, Benjamin and Liu, Mia and Rivera, Ryan and Tran, Nhan and Loncar, Vladimir and Ngadiuba, Jennifer and Pierini, Maurizio and Summers, Sioni and Hauck, Scott and Hsu, Shih-Chieh and Wu, Zhenbin and Kreinar, Edward and Han, Song and Harris, Phil and Rankin, Dylan},
  SHORTAUTHOR = {1111},
  URL = {https://ml4physicalsciences.github.io/files/NeurIPS_ML4PS_2019_74.pdf},
  BOOKTITLE = {{Machine Learning and the Physical Sciences Workshop at the 33rd Annual Conference on Neural Information Processing Systems}},
  DATE = {2019-12},
  DOI = {10.5281/zenodo.3895081},
  SORTYEAR = {2019},
  TITLE = {{Low-latency machine learning inference on FPGAs}},
  KEYWORDS = {career,recent},
  contributioncodes = {1, 2, 6, 9, 12, 13}
}
