
@INPROCEEDINGS{neurips2019_sonic,
  AUTHOR = {Duarte, Javier and Holzman, Burt and Jindariani, Sergo and Klinjsma, Thomas and Kreis, Benjamin and Liu, Mia and Pedro, Kevin and Tran, Nhan and Tsaris, Aristeidis and Harris, Phil and Rankin, Dylan and Loncar, Vladimir and Ngadiuba, Jennifer Ngadiuba, Maurizio Pierini and Khan, Suffian and Lee, Brian and Perez, Brandon and Way, Ted W. and Versteeg, Colin and Hauk, Scott and Hsu, Shih-Chieh and Trahms, Matthew and Werran, Dustin and Wu, Zhenbin},
  SHORTAUTHOR = {1111},
  URL = {https://ml4physicalsciences.github.io/files/NeurIPS_ML4PS_2019_64.pdf},
  BOOKTITLE = {{Machine Learning and the Physical Sciences Workshop at the 33rd Annual Conference on Neural Information Processing Systems}},
  DATE = {2019-12},
  DOI = {10.5281/zenodo.3895029},
  SORTYEAR = {2019},
  TITLE = {{Accelerated machine learning as a service for particle physics computing}},
  KEYWORDS = {career},
}

@INPROCEEDINGS{neurips2019_hbb,
  AUTHOR = {Moreno, Eric A. and Cerri, Olmo and Nguyen, Thong Q. and Vlimant, Jean-Roch and Newman, Harvey B. and Periwal, Avikar and Serikova, Aidana and Spiropulu, Maria and Duarte, Javier M. and Pierini, Maurizio},
  SHORTAUTHOR = {1111},
  URL = {https://ml4physicalsciences.github.io/files/NeurIPS_ML4PS_2019_71.pdf},
  BOOKTITLE = {{Machine Learning and the Physical Sciences Workshop at the 33rd Annual Conference on Neural Information Processing Systems}},
  DATE = {2019-12},
  DOI = {10.5281/zenodo.3895048},
  SORTYEAR = {2019},
  TITLE = {{Interaction networks for the identification of Higgs boson decays to bottom quark-antiquark pairs}},
  KEYWORDS = {career},
}

@INPROCEEDINGS{neurips2019_hls4ml,
  AUTHOR = {Duarte, Javier and Herwig, Christian and Holzman, Burt and Jindariani, Sergo and Kreis, Benjamin and Liu, Mia and Rivera, Ryan and Tran, Nhan and Loncar, Vladimir and Ngadiuba, Jennifer and Pierini, Maurizio and Summers, Sioni and Hauck, Scott and Hsu, Shih-Chieh and Wu, Zhenbin and Kreinar, Edward and Han, Song and Harris, Phil and Rankin, Dylan},
  SHORTAUTHOR = {1111},
  URL = {https://ml4physicalsciences.github.io/files/NeurIPS_ML4PS_2019_74.pdf},
  BOOKTITLE = {{Machine Learning and the Physical Sciences Workshop at the 33rd Annual Conference on Neural Information Processing Systems}},
  DATE = {2019-12},
  DOI = {10.5281/zenodo.3895081},
  SORTYEAR = {2019},
  TITLE = {{Low-latency machine learning inference on FPGAs}},
  KEYWORDS = {career},
}


@INPROCEEDINGS{Duarte:2018bsd,
  AUTHOR = {Duarte, Javier},
  SHORTAUTHOR = {1111},
  BOOKTITLE = {{4th International Workshop Connecting The Dots}},
  DATE = {2018-08},
  EPRINT = {1808.00902},
  EPRINTCLASS = {hep-ex},
  EPRINTTYPE = {arXiv},
  SORTYEAR = {2018},
  TITLE = {{Fast reconstruction and data scouting}},
  reportNumber = "FERMILAB-CONF-18-370-CMS-E-PPD",
  KEYWORDS = {career},
}

@article{Albertsson:2018maf,
    author = "Albertsson, Kim and others",
    title = "Machine Learning in High Energy Physics Community White Paper",
    eprint = "1807.02876",
    archivePrefix = "arXiv",
    primaryClass = "physics.comp-ph",
    reportNumber = "FERMILAB-PUB-18-318-CD-DI-PPD",
    doi = "10.1088/1742-6596/1085/2/022008",
    journal = "J. Phys. Conf. Ser.",
    volume = "1085",
    pages = "022008",
    year = "2018",
    KEYWORDS = {career},
    month = "09"
}

@INPROCEEDINGS{Bornheim:2017gql,
  AUTHOR = {Bornheim, A. and others},
  SHORTAUTHOR = {1111},
  BOOKTITLE = {{17th International Conference on Calorimetry in Particle Physics}},
  DATE = {2017-11},
  DOI = {10.1088/1742-6596/928/1/012023},
  JOURNALTITLE = {J. Phys. Conf. Ser.},
  PAGES = {012023},
  SORTYEAR = {2017},
  TITLE = {{LYSO based precision timing calorimeters}},
  VOLUME = {928},
  KEYWORDS = {career},
}


@INPROCEEDINGS{testbeam,
  AUTHOR = {{Bornheim}, A. and others},
  SHORTAUTHOR = {1111},
  BOOKTITLE = {{2016 IEEE Nuclear Science Symposium and Medical Imaging Conference}},
  DATE = {2016-10},
  DOI = {10.1109/NSSMIC.2016.8069874},
  SORTYEAR = {2016},
  TITLE = {{Comparative test beam studies of precision timing calorimeter technologies}},
  KEYWORDS = {career},
}


@INPROCEEDINGS{Duarte:2016wnw,
  AUTHOR = {Duarte, Javier},
  SHORTAUTHOR = {1111},
  BOOKTITLE = {{37th International Conference on High Energy Physics}},
  DATE = {2016-05},
  DOI = {10.1016/j.nuclphysbps.2015.09.071},
  JOURNALTITLE = {Nucl. Part. Phys. Proc.},
  SORTYEAR = {2016},
  TITLE = {{Inclusive Searches for Supersymmetry with the CMS detector at $\sqrt{s}=8$ TeV}},
  KEYWORDS = {career},
}


@INPROCEEDINGS{Bornheim_2015,
  AUTHOR = {Bornheim, Adolf and others},
  SHORTAUTHOR = {1111},
  BOOKTITLE = {{16th International Conference on Calorimetry in Particle Physics}},
  DATE = {2015-02},
  DOI = {10.1088/1742-6596/587/1/012057},
  JOURNALTITLE = {J. Phys. Conf. Ser.},
  SORTYEAR = {2015},
  TITLE = {Calorimeters for Precision Timing Measurements in High Energy Physics},
  KEYWORDS = {career},
}


@inproceedings{Duarte:2014soa,
    author = "Duarte, Javier",
    title = "Search for natural supersymmetry in events with 1 b-tagged jet using razor variables at 8 {TeV}",
    booktitle = "{2nd Large Hadron Collider Physics Conference}",
    eprint = "1409.4466",
    archivePrefix = "arXiv",
    primaryClass = "hep-ex",
    month = "9",
    keywords={career},
    year = "2014"
}
