
@article{Zlokapa:2019tkn,
  AUTHOR = {Zlokapa, Alexander and Anand, Abhishek and Vlimant, Jean-Roch and Duarte, Javier M. and Job, Joshua and Lidar, Daniel and Spiropulu, Maria},
  SHORTAUTHOR = {1111},
  DATE = {2019-08},
  EPRINT = {1908.04475},
  EPRINTCLASS = {quant-ph},
  EPRINTTYPE = {arXiv},
  NOTE = {Submitted to \emph{npj Quantum Inf.}},
  SORTYEAR = {2019},
  month = "8",
  TITLE = {{Charged particle tracking with quantum annealing-inspired optimization}},
  KEYWORDS = {career},
}

@article{Krupa:2020bwg,
        author = "Krupa, Jeffrey and others",
        title = "{GPU} coprocessors as a service for deep learning inference in high energy physics",
        eprint = "2007.10359",
        archivePrefix = "arXiv",
        primaryClass = "physics.comp-ph",
        reportNumber = "FERMILAB-PUB-20-338-E-SCD",
        month = "7",
        note = "Submitted to \emph{Mach. Learn.: Sci. Technol.}",
        year = "2020",
        keywords = {career},
    }
