
@TECHREPORT{CMS-PAS-EXO-17-026,
  SHORTAUTHOR = {1111},
  URL = {https://cds.cern.ch/record/2637847},
  DATE = {2018-09},
  year = "2018",
  month = "09",
  NUMBER = {CMS-PAS-EXO-17-026},
  SORTYEAR = {2018},
  TITLE = {{Searches for dijet resonances in pp collisions at $\sqrt{s}=13~\mathrm{TeV}$ using the 2016 and 2017 datasets}},
  TYPE = {CMS Physics Analysis Summary},
  USERA = {CMS},
  KEYWORDS = {career},
}

@TECHREPORT{CMS-DP-2018-046,
  SHORTAUTHOR = {1111},
  URL = {https://cds.cern.ch/record/2630438},
  DATE = {2018-07},
  year = {2018},
  month = {07},
  number = {CMS-DP-2018-046},
  SORTYEAR = {2018},
  TITLE = {Performance of deep tagging algorithms for boosted double quark jet topology in proton-proton collisions at 13 {TeV} with the {Phase-0} {CMS} detector},
  TYPE = {CMS Detector Performance Note},
  USERA = {CMS},
  KEYWORDS = {career},
}

@MISC{Zlokapa:2019tkn,
  AUTHOR = {Zlokapa, Alexander and Anand, Abhishek and Vlimant, Jean-Roch and Duarte, Javier M. and Job, Joshua and Lidar, Daniel and Spiropulu, Maria},
  SHORTAUTHOR = {1111},
  DATE = {2019-08},
  EPRINT = {1908.04475},
  EPRINTCLASS = {quant-ph},
  EPRINTTYPE = {arXiv},
  NOTE = {Submitted to \emph{Nature}},
  SORTYEAR = {2019},
  TITLE = {{Charged particle tracking with quantum annealing-inspired optimization}},
  KEYWORDS = {career},
}


@MISC{Duarte:2017bbq,
  AUTHOR = {Duarte, J. and Pena, C. and Wang, A. and Pierini, M. and Spiropulu, M.},
  SHORTAUTHOR = {1111},
  DATE = {2017-03},
  EPRINT = {1703.06544},
  EPRINTCLASS = {hep-ph},
  EPRINTTYPE = {arXiv},
  SORTYEAR = {2017},
  TITLE = {{Squark-mediated Higgs+jets production at the LHC}},
  KEYWORDS = {career},
}
