@ARTICLE{DiGuglielmo:2020eqx,
  AUTHOR = {Di Guglielmo, Giuseppe and others},
  SHORTAUTHOR = {1111},
  DATE = {2020-06},
  DOI = {10.1088/2632-2153/aba042},
  EPRINT = {2003.06308},
  EPRINTCLASS = {cs.LG},
  EPRINTTYPE = {arXiv},
  NOTE = {Accepted by \textit{Mach. Learn.: Sci. Technol.}},
  SORTYEAR = {2020},
  TITLE = {{Compressing deep neural networks on FPGAs to binary and ternary precision with \texttt{hls4ml}}},
}

@ARTICLE{Sirunyan:2020hwz,
  AUTHOR = {Sirunyan, Albert M and others},
  SHORTAUTHOR = {1111},
  DATE = {2020-06},
  EPRINT = {2006.13251},
  EPRINTCLASS = {hep-ex},
  EPRINTTYPE = {arXiv},
  NOTE = {Submitted to \textit{J. High Energy Phys.}},
  SORTYEAR = {2020},
  TITLE = {{Inclusive search for highly boosted Higgs bosons decaying to bottom quark-antiquark pairs in proton-proton collisions at $\sqrt{s} = 13$ TeV}},
  USERA = {CMS},
}

@ARTICLE{Moreno:2019neq,
  AUTHOR = {Moreno, Eric A. and Nguyen, Thong Q. and Vlimant, Jean-Roch and Cerri, Olmo and Newman, Harvey B. and Periwal, Avikar and Spiropulu, Maria and Duarte, Javier M. and Pierini, Maurizio},
  SHORTAUTHOR = {1111},
  DATE = {2020-06},
  EPRINT = {1909.12285},
  EPRINTCLASS = {hep-ex},
  EPRINTTYPE = {arXiv},
  NOTE = {Accepted by \textit{Phys. Rev. D}},
  SORTYEAR = {2020},
  TITLE = {{Interaction networks for the identification of boosted $H\to b\overline{b}$ decays}},
}

@ARTICLE{Sirunyan:2019pnb,
  AUTHOR = {Sirunyan, Albert M and others},
  SHORTAUTHOR = {1111},
  DATE = {2020-06},
  DOI = {10.1016/j.physletb.2020.135448},
  EPRINT = {1911.03761},
  EPRINTCLASS = {hep-ex},
  EPRINTTYPE = {arXiv},
  JOURNALTITLE = {Phys. Lett. B},
  PAGES = {135448},
  SORTYEAR = {2020},
  TITLE = {{Search for dijet resonances using events with three jets in proton-proton collisions at $\sqrt{s} =$ 13 TeV}},
  USERA = {CMS},
  VOLUME = {805},
}

@ARTICLE{Summers:2020xiy,
  AUTHOR = {Summers, Sioni and others},
  SHORTAUTHOR = {1111},
  DATE = {2020-05},
  DOI = {10.1088/1748-0221/15/05/p05026},
  EPRINT = {2002.02534},
  EPRINTCLASS = {physics.comp-ph},
  EPRINTTYPE = {arXiv},
  JOURNALTITLE = {J. Instrum.},
  PAGES = {P05026},
  SORTYEAR = {2020},
  TITLE = {{Fast inference of boosted decision trees in FPGAs for particle physics}},
  VOLUME = {15},
}

@ARTICLE{Sirunyan:2019vgj,
  AUTHOR = {Sirunyan, Albert M and others},
  SHORTAUTHOR = {1111},
  DATE = {2020-05},
  DOI = {10.1007/JHEP05(2020)033},
  EPRINT = {1911.03947},
  EPRINTCLASS = {hep-ex},
  EPRINTTYPE = {arXiv},
  JOURNALTITLE = {J. High Energy Phys.},
  PAGES = {033},
  SORTYEAR = {2020},
  TITLE = {{Search for high mass dijet resonances with a new background prediction method in proton-proton collisions at $\sqrt{s} =$ 13 TeV}},
  USERA = {CMS},
  VOLUME = {05},
}

@ARTICLE{Moreno:2019bmu,
  AUTHOR = {Moreno, Eric A. and Cerri, Olmo and Duarte, Javier M. and Newman, Harvey B. and Nguyen, Thong Q. and Periwal, Avikar and Pierini, Maurizio and Serikova, Aidana and Spiropulu, Maria and Vlimant, Jean-Roch},
  SHORTAUTHOR = {1111},
  DATE = {2020-01},
  DOI = {10.1140/epjc/s10052-020-7608-4},
  EPRINT = {1908.05318},
  EPRINTCLASS = {hep-ex},
  EPRINTTYPE = {arXiv},
  JOURNALTITLE = {Eur. Phys. J. C},
  NUMBER = {1},
  PAGES = {58},
  SORTYEAR = {2020},
  TITLE = {{JEDI-net: a jet identification algorithm based on interaction networks}},
  VOLUME = {80},
}

@INPROCEEDINGS{neurips2019_sonic,
  AUTHOR = {Duarte, Javier and Holzman, Burt and Jindariani, Sergo and Klinjsma, Thomas and Kreis, Benjamin and Liu, Mia and Pedro, Kevin and Tran, Nhan and Tsaris, Aristeidis and Harris, Phil and Rankin, Dylan and Loncar, Vladimir and Ngadiuba, Jennifer Ngadiuba, Maurizio Pierini and Khan, Suffian and Lee, Brian and Perez, Brandon and Way, Ted W. and Versteeg, Colin and Hauk, Scott and Hsu, Shih-Chieh and Trahms, Matthew and Werran, Dustin and Wu, Zhenbin},
  SHORTAUTHOR = {1111},
  URL = {https://ml4physicalsciences.github.io/files/NeurIPS_ML4PS_2019_64.pdf},
  BOOKTITLE = {{Machine Learning and the Physical Sciences Workshop at the 33rd Annual Conference on Neural Information Processing Systems}},
  DATE = {2019-12},
  DOI = {10.5281/zenodo.3895029},
  SORTYEAR = {2019},
  TITLE = {{Accelerated machine learning as a service for particle physics computing}},
}

@INPROCEEDINGS{neurips2019_hbb,
  AUTHOR = {Moreno, Eric A. and Cerri, Olmo and Nguyen, Thong Q. and Vlimant, Jean-Roch and Newman, Harvey B. and Periwal, Avikar and Serikova, Aidana and Spiropulu, Maria and Duarte, Javier M. and Pierini, Maurizio},
  SHORTAUTHOR = {1111},
  URL = {https://ml4physicalsciences.github.io/files/NeurIPS_ML4PS_2019_71.pdf},
  BOOKTITLE = {{Machine Learning and the Physical Sciences Workshop at the 33rd Annual Conference on Neural Information Processing Systems}},
  DATE = {2019-12},
  DOI = {10.5281/zenodo.3895048},
  SORTYEAR = {2019},
  TITLE = {{Interaction networks for the identification of Higgs boson decays to bottom quark-antiquark pairs}},
}

@INPROCEEDINGS{neurips2019_hls4ml,
  AUTHOR = {Duarte, Javier and Herwig, Christian and Holzman, Burt and Jindariani, Sergo and Kreis, Benjamin and Liu, Mia and Rivera, Ryan and Tran, Nhan and Loncar, Vladimir and Ngadiuba, Jennifer and Pierini, Maurizio and Summers, Sioni and Hauck, Scott and Hsu, Shih-Chieh and Wu, Zhenbin and Kreinar, Edward and Han, Song and Harris, Phil and Rankin, Dylan},
  SHORTAUTHOR = {1111},
  URL = {https://ml4physicalsciences.github.io/files/NeurIPS_ML4PS_2019_74.pdf},
  BOOKTITLE = {{Machine Learning and the Physical Sciences Workshop at the 33rd Annual Conference on Neural Information Processing Systems}},
  DATE = {2019-12},
  DOI = {10.5281/zenodo.3895081},
  SORTYEAR = {2019},
  TITLE = {{Low-latency machine learning inference on FPGAs}},
}

@ARTICLE{Sirunyan:2019vxa,
  AUTHOR = {Sirunyan, Albert M and others},
  SHORTAUTHOR = {1111},
  DATE = {2019-12},
  DOI = {10.1103/PhysRevD.100.112007},
  EPRINT = {1909.04114},
  EPRINTCLASS = {hep-ex},
  EPRINTTYPE = {arXiv},
  JOURNALTITLE = {Phys. Rev. D},
  NUMBER = {11},
  PAGES = {112007},
  SORTYEAR = {2019},
  TITLE = {{Search for low mass vector resonances decaying into quark-antiquark pairs in proton-proton collisions at $\sqrt{s}=$ 13 TeV}},
  USERA = {CMS},
  VOLUME = {100},
}

@ARTICLE{Sirunyan:2019sgo,
  AUTHOR = {Sirunyan, Albert M and others},
  SHORTAUTHOR = {1111},
  DATE = {2019-12},
  DOI = {10.1103/PhysRevLett.123.231803},
  EPRINT = {1905.10331},
  EPRINTCLASS = {hep-ex},
  EPRINTTYPE = {arXiv},
  JOURNALTITLE = {Phys. Rev. Lett.},
  NUMBER = {23},
  PAGES = {231803},
  SORTYEAR = {2019},
  TITLE = {{Search for low-mass quark-antiquark resonances produced in association with a photon at $\sqrt{s} = $ 13 TeV}},
  USERA = {CMS},
  VOLUME = {123},
}

@ARTICLE{Duarte:2019fta,
  AUTHOR = {Duarte, Javier and others},
  SHORTAUTHOR = {1111},
  DATE = {2019-10},
  DOI = {10.1007/s41781-019-0027-2},
  EPRINT = {1904.08986},
  EPRINTCLASS = {physics.data-an},
  EPRINTTYPE = {arXiv},
  JOURNALTITLE = {Comput. Softw. Big Sci.},
  KEYWORDS = {career,recent},
  NUMBER = {1},
  PAGES = {13},
  SORTYEAR = {2019},
  TITLE = {{FPGA-accelerated machine learning inference as a service for particle physics computing}},
  VOLUME = {3},
}

@MISC{Zlokapa:2019tkn,
  AUTHOR = {Zlokapa, Alexander and Anand, Abhishek and Vlimant, Jean-Roch and Duarte, Javier M. and Job, Joshua and Lidar, Daniel and Spiropulu, Maria},
  SHORTAUTHOR = {1111},
  DATE = {2019-08},
  EPRINT = {1908.04475},
  EPRINTCLASS = {quant-ph},
  EPRINTTYPE = {arXiv},
  NOTE = {Submitted to \emph{Nature}},
  SORTYEAR = {2019},
  TITLE = {{Charged particle tracking with quantum annealing-inspired optimization}},
}

@ARTICLE{Sirunyan:2018koj,
  AUTHOR = {Sirunyan, Albert M and others},
  SHORTAUTHOR = {1111},
  DATE = {2019-05},
  DOI = {10.1140/epjc/s10052-019-6909-y},
  EPRINT = {1809.10733},
  EPRINTCLASS = {hep-ex},
  EPRINTTYPE = {arXiv},
  JOURNALTITLE = {Eur. Phys. J. C},
  PAGES = {421},
  SORTYEAR = {2019},
  TITLE = {{Combined measurements of Higgs boson couplings in proton-proton collisions at $\sqrt{s}=13$ TeV}},
  USERA = {CMS},
  VOLUME = {79},
}

@ARTICLE{Sirunyan:2018sgc,
  AUTHOR = {Sirunyan, Albert M and others},
  SHORTAUTHOR = {1111},
  DATE = {2019-05},
  DOI = {10.1016/j.physletb.2019.03.059},
  EPRINT = {1812.06504},
  EPRINTCLASS = {hep-ex},
  EPRINTTYPE = {arXiv},
  JOURNALTITLE = {Phys. Lett. B},
  KEYWORDS = {career,recent},
  PAGES = {369},
  SORTYEAR = {2019},
  TITLE = {{Measurement and interpretation of differential cross sections for Higgs boson production at $\sqrt{s} =$ 13 TeV}},
  USERA = {CMS},
  VOLUME = {792},
}

@ARTICLE{Sirunyan:2018ikr,
  AUTHOR = {Sirunyan, Albert M and others},
  SHORTAUTHOR = {1111},
  DATE = {2019-01},
  DOI = {10.1103/PhysRevD.99.012005},
  EPRINT = {1810.11822},
  EPRINTCLASS = {hep-ex},
  EPRINTTYPE = {arXiv},
  JOURNALTITLE = {Phys. Rev. D},
  KEYWORDS = {career,recent},
  PAGES = {012005},
  SORTYEAR = {2019},
  TITLE = {{Search for low-mass resonances decaying into bottom quark-antiquark pairs in proton-proton collisions at $\sqrt{s} =$ 13 TeV}},
  USERA = {CMS},
  VOLUME = {99},
}

@ARTICLE{Sirunyan:2018kst,
  AUTHOR = {Sirunyan, A. M. and others},
  SHORTAUTHOR = {1111},
  DATE = {2018-09},
  DOI = {10.1103/PhysRevLett.121.121801},
  EPRINT = {1808.08242},
  EPRINTCLASS = {hep-ex},
  EPRINTTYPE = {arXiv},
  JOURNALTITLE = {Phys. Rev. Lett.},
  NUMBER = {12},
  PAGES = {121801},
  SORTYEAR = {2018},
  TITLE = {{Observation of Higgs boson decay to bottom quarks}},
  USERA = {CMS},
  VOLUME = {121},
}

@REPORT{CMS-PAS-EXO-17-026,
  SHORTAUTHOR = {1111},
  URL = {https://cds.cern.ch/record/2637847},
  DATE = {2018-09},
  NUMBER = {CMS-PAS-EXO-17-026},
  SORTYEAR = {2018},
  TITLE = {{Searches for dijet resonances in pp collisions at $\sqrt{s}=13~\mathrm{TeV}$ using the 2016 and 2017 datasets}},
  TYPE = {CMS Physics Analysis Summary},
  USERA = {CMS},
}

@INPROCEEDINGS{Duarte:2018bsd,
  AUTHOR = {Duarte, Javier},
  SHORTAUTHOR = {1111},
  BOOKTITLE = {{4th International Workshop Connecting The Dots}},
  DATE = {2018-08},
  EPRINT = {1808.00902},
  EPRINTCLASS = {hep-ex},
  EPRINTTYPE = {arXiv},
  SORTYEAR = {2018},
  TITLE = {{Fast reconstruction and data scouting}},
}

@ARTICLE{Sirunyan:2018xlo,
  AUTHOR = {Sirunyan, Albert M. and others},
  SHORTAUTHOR = {1111},
  DATE = {2018-08},
  DOI = {10.1007/JHEP08(2018)130},
  EPRINT = {1806.00843},
  EPRINTCLASS = {hep-ex},
  EPRINTTYPE = {arXiv},
  JOURNALTITLE = {J. High Energy Phys.},
  KEYWORDS = {career},
  PAGES = {130},
  SORTYEAR = {2018},
  TITLE = {{Search for narrow and broad dijet resonances in proton-proton collisions at $ \sqrt{s}=13 $ TeV and constraints on dark matter mediators and other new particles}},
  USERA = {CMS},
  VOLUME = {08},
}

@ARTICLE{Duarte:2018ite,
  AUTHOR = {Duarte, J. and others},
  SHORTAUTHOR = {1111},
  DATE = {2018-07},
  DOI = {10.1088/1748-0221/13/07/P07027},
  EPRINT = {1804.06913},
  EPRINTCLASS = {physics.ins-det},
  EPRINTTYPE = {arXiv},
  JOURNALTITLE = {J. Instrum.},
  KEYWORDS = {career,recent},
  PAGES = {P07027},
  SORTYEAR = {2018},
  TITLE = {{Fast inference of deep neural networks in FPGAs for particle physics}},
  VOLUME = {13},
}

@REPORT{CMS-DP-2018-046,
  SHORTAUTHOR = {1111},
  URL = {https://cds.cern.ch/record/2630438},
  DATE = {2018-07},
  NUMBER = {CMS-DP-2018-046},
  SORTYEAR = {2018},
  TITLE = {Performance of deep tagging algorithms for boosted double quark jet topology in proton-proton collisions at 13 {TeV} with the {Phase-0} {CMS} detector},
  TYPE = {CMS Detector Performance Note},
  USERA = {CMS},
}

@ARTICLE{Sirunyan:2017eie,
  AUTHOR = {Sirunyan, Albert M and others},
  SHORTAUTHOR = {1111},
  DATE = {2018-04},
  DOI = {10.1016/j.physletb.2017.12.069},
  EPRINT = {1709.00384},
  EPRINTCLASS = {hep-ex},
  EPRINTTYPE = {arXiv},
  JOURNALTITLE = {Phys. Lett. B},
  KEYWORDS = {career},
  PAGES = {166},
  SORTYEAR = {2018},
  TITLE = {{Search for supersymmetry with Higgs boson to diphoton decays using the razor variables at $\sqrt{s} = $ 13 TeV}},
  USERA = {CMS},
  VOLUME = {779},
}

@ARTICLE{Sirunyan:2017dgc,
  AUTHOR = {Sirunyan, Albert M and others},
  SHORTAUTHOR = {1111},
  DATE = {2018-02},
  DOI = {10.1103/PhysRevLett.120.071802},
  EPRINT = {1709.05543},
  EPRINTCLASS = {hep-ex},
  EPRINTTYPE = {arXiv},
  JOURNALTITLE = {Phys. Rev. Lett.},
  KEYWORDS = {career,recent},
  NUMBER = {7},
  PAGES = {071802},
  SORTYEAR = {2018},
  TITLE = {{Inclusive search for a highly boosted Higgs boson decaying to a bottom quark-antiquark pair}},
  USERA = {CMS},
  VOLUME = {120},
}

@ARTICLE{Sirunyan:2017nvi,
  AUTHOR = {Sirunyan, Albert M and others},
  SHORTAUTHOR = {1111},
  DATE = {2018-01},
  DOI = {10.1007/JHEP01(2018)097},
  EPRINT = {1710.00159},
  EPRINTCLASS = {hep-ex},
  EPRINTTYPE = {arXiv},
  JOURNALTITLE = {J. High Energy Phys.},
  KEYWORDS = {career},
  PAGES = {097},
  SORTYEAR = {2018},
  TITLE = {{Search for low mass vector resonances decaying into quark-antiquark pairs in proton-proton collisions at $ \sqrt{s}=13 $ TeV}},
  USERA = {CMS},
  VOLUME = {01},
}

@INPROCEEDINGS{Bornheim:2017gql,
  AUTHOR = {Bornheim, A. and others},
  SHORTAUTHOR = {1111},
  BOOKTITLE = {{17th International Conference on Calorimetry in Particle Physics}},
  DATE = {2017-11},
  DOI = {10.1088/1742-6596/928/1/012023},
  JOURNALTITLE = {J. Phys. Conf. Ser.},
  NUMBER = {1},
  PAGES = {012023},
  SORTYEAR = {2017},
  TITLE = {{LYSO based precision timing calorimeters}},
  VOLUME = {928},
}

@ARTICLE{Sirunyan:2016iap,
  AUTHOR = {Sirunyan, Albert M and others},
  SHORTAUTHOR = {1111},
  DATE = {2017-06},
  DOI = {10.1016/j.physletb.2017.02.012},
  EPRINT = {1611.03568},
  EPRINTCLASS = {hep-ex},
  EPRINTTYPE = {arXiv},
  JOURNALTITLE = {Phys. Lett. B},
  KEYWORDS = {career},
  PAGES = {520},
  SORTYEAR = {2017},
  TITLE = {{Search for dijet resonances in proton-proton collisions at $\sqrt{s} = $ 13 TeV and constraints on dark matter and other models}},
  USERA = {CMS},
  VOLUME = {769},
}

@MISC{Duarte:2017bbq,
  AUTHOR = {Duarte, J. and Pena, C. and Wang, A. and Pierini, M. and Spiropulu, M.},
  SHORTAUTHOR = {1111},
  DATE = {2017-03},
  EPRINT = {1703.06544},
  EPRINTCLASS = {hep-ph},
  EPRINTTYPE = {arXiv},
  SORTYEAR = {2017},
  TITLE = {{Squark-mediated Higgs+jets production at the LHC}},
}

@ARTICLE{Khachatryan:2016epu,
  AUTHOR = {Khachatryan, Vardan and others},
  SHORTAUTHOR = {1111},
  DATE = {2017-01},
  DOI = {10.1103/PhysRevD.95.012003},
  EPRINT = {1609.07658},
  EPRINTCLASS = {hep-ex},
  EPRINTTYPE = {arXiv},
  JOURNALTITLE = {Phys. Rev. D},
  KEYWORDS = {career},
  NUMBER = {1},
  PAGES = {012003},
  SORTYEAR = {2017},
  TITLE = {{Inclusive search for supersymmetry using razor variables in pp collisions at $\sqrt{s} = $ 13 TeV}},
  USERA = {CMS},
  VOLUME = {95},
}

@INPROCEEDINGS{testbeam,
  AUTHOR = {{Bornheim}, A. and others},
  SHORTAUTHOR = {1111},
  BOOKTITLE = {{2016 IEEE Nuclear Science Symposium and Medical Imaging Conference}},
  DATE = {2016-10},
  DOI = {10.1109/NSSMIC.2016.8069874},
  SORTYEAR = {2016},
  TITLE = {{Comparative test beam studies of precision timing calorimeter technologies}},
}

@ARTICLE{Anderson:2016tiu,
  AUTHOR = {Anderson, Dustin and others},
  SHORTAUTHOR = {1111},
  DATE = {2016-07},
  DOI = {10.1016/j.nima.2015.11.129},
  JOURNALTITLE = {Nucl. Instrum. Methods Phys. Res. A},
  KEYWORDS = {career},
  PAGES = {670},
  SORTYEAR = {2016},
  TITLE = {Precision timing calorimeter for high energy physics},
  VOLUME = {824},
}

@INPROCEEDINGS{Duarte:2016wnw,
  AUTHOR = {Duarte, Javier},
  SHORTAUTHOR = {1111},
  BOOKTITLE = {{37th International Conference on High Energy Physics}},
  DATE = {2016-05},
  DOI = {10.1016/j.nuclphysbps.2015.09.071},
  JOURNALTITLE = {Nucl. Part. Phys. Proc.},
  SORTYEAR = {2016},
  TITLE = {{Inclusive Searches for Supersymmetry with the CMS detector at $\sqrt{s}=8$ TeV}},
}

@ARTICLE{Anderson:2016ygg,
  AUTHOR = {{D. {Anderson} and others}},
  SHORTAUTHOR = {1111},
  DATE = {2016-04},
  DOI = {10.1109/TNS.2016.2528166},
  JOURNALTITLE = {{IEEE Trans. Nucl. Sci.}},
  NUMBER = {2},
  PAGES = {591},
  SORTYEAR = {2016},
  TITLE = {Precision Timing Calorimeter for High Energy Physics},
  VOLUME = {63},
}

@ARTICLE{NIMA,
  AUTHOR = {Anderson, D. and others},
  SHORTAUTHOR = {1111},
  DATE = {2015-09},
  DOI = {10.1016/j.nima.2015.04.013},
  JOURNALTITLE = {Nucl. Instrum. Methods Phys. Res. A},
  KEYWORDS = {career},
  PAGES = {7},
  SORTYEAR = {2015},
  TITLE = {On timing properties of {LYSO}-based calorimeters},
  VOLUME = {794},
}

@ARTICLE{Anderson:2015tia,
  AUTHOR = {Anderson, Dustin and others},
  SHORTAUTHOR = {1111},
  DATE = {2015-07},
  DOI = {10.1016/j.nima.2014.11.041},
  ISSN = {0168-9002},
  JOURNALTITLE = {Nucl. Instrum. Methods Phys. Res. A},
  PAGES = {94},
  SORTYEAR = {2015},
  TITLE = {Precision timing measurements for high energy photons},
  VOLUME = {787},
}

@ARTICLE{Khachatryan:2015pwa,
  AUTHOR = {Khachatryan, Vardan and others},
  SHORTAUTHOR = {1111},
  DATE = {2015-03},
  DOI = {10.1103/PhysRevD.91.052018},
  EPRINT = {1502.00300},
  EPRINTCLASS = {hep-ex},
  EPRINTTYPE = {arXiv},
  JOURNALTITLE = {Phys. Rev. D},
  KEYWORDS = {career},
  PAGES = {052018},
  SORTYEAR = {2015},
  TITLE = {{Search for supersymmetry using razor variables in events with b-tagged jets in pp collisions at $\sqrt{s} = 8$ TeV}},
  USERA = {CMS},
  VOLUME = {91},
}

@INPROCEEDINGS{Bornheim_2015,
  AUTHOR = {Bornheim, Adolf and others},
  SHORTAUTHOR = {1111},
  BOOKTITLE = {{16th International Conference on Calorimetry in Particle Physics}},
  DATE = {2015-02},
  DOI = {10.1088/1742-6596/587/1/012057},
  JOURNALTITLE = {J. Phys. Conf. Ser.},
  SORTYEAR = {2015},
  TITLE = {Calorimeters for Precision Timing Measurements in High Energy Physics},
}

